2492 4546
455 253 756 381 .9¹

101 411 242 548 ontio
261 461 447 540 subiectus,
468 467 566 524 ortus
586 463 648 525 est,
669 461 704 516 et
722 459 765 514 nt
785 448 823 511 in
841 447 1042 510 memoriam
1063 463 1113 510 aar
1134 437 1137 442 ’
1173 465 1174 468 “

102 589 283 651 roseum,
304 567 350 646 ad
366 581 453 651 quae
471 558 724 681 respiciendum
743 552 904 637 Euripidi
925 551 1041 616 luit.

179 723 331 808 Dionysi
367 719 496 783 cultum
526 736 547 778 a
579 715 788 796 reliquorum
816 705 960 784 deorum
978 674 1115 768 multi

99 831 227 896 sariam
239 827 366 890 distare
382 833 513 889 constat
525 824 569 886 et
589 821 737 904 plurima
755 836 919 889 servasse.
942 813 985 878 ad
1007 833 1113 909 qnae²

99 957 209 1022 quum
223 934 411 1019 peculiaria
432 935 512 1008 sint,
547 925 723 992 attendere
745 921 843 986 dehet
870 923 928 1007 qni
949 943 1005 986 res
1025 921 1116 1006 Bac·

98 1043 217 1108 chicas
238 1042 389 1128 attingit.
430 1039 481 1102 Ac
501 1037 649 1119 primum
670 1031 809 1115 quidem
817 1031 983 1096 Bacchica
991 1032 1117 1127 orgia

98 1153 183 1216 licet
203 1149 330 1214 Pieriis
357 1145 553 1212 Thracibus
583 1152 618 1207 et
652 1137 827 1206 Thebanis
854 1147 987 1200 mature
1016 1136 1107 1199 cele-

98 1257 201 1322 brata
228 1265 359 1324 eesent.
390 1265 502 1316 tamen
529 1252 639 1313 serius
669 1264 771 1332 quam
799 1220 995 1335 ceterorum
1024 1229 1108 1303 ‹leo-
1088 1249 1142 1334 -s

98 1383 180 1425 rum
200 1381 298 1425 sacra
301 1379 382 1450 per
403 1359 584 1422 Graeciam
612 1355 791 1440 divulgata
823 1358 932 1414 erant.
972 1345 1109 1413 Deinde

97 1473 191 1532 miro
215 1465 412 1552 quodam
385 1473 419 1524 et
440 1459 596 1522 inaudito
626 1463 747 1524 alilatn
767 1440 1013 1534 celebrantium
1034 1459 1109 1521 ani·

98 1594 176 1635 mos
198 1543 468 1632 inflammabant.
521 1561 652 1642 Mirum
674 1565 771 1634 dico.
807 1568 887 1647 quie
907 1563 951 1626 ad
977 1559 1110 1656 intelli·

99 1671 262 1762 gendum,
286 1665 429 1732 difficile
464 1677 532 1746 est,
570 1669 722 1751 potuisse
758 1678 913 1730 veterum
940 1647 1111 1762 gentium,

101 1767 315 1844 Graecarum
338 1773 540 1856 praecipue,
572 1781 701 1834 mentes
728 1771 793 1832 tali
826 1769 926 1832 modo
948 1773 1112 1852 excitari,

101 1891 142 1946 ut
164 1882 264 1966 orgia
286 1875 489 1941 celebrando
517 1878 711 1940 insanirent
737 1875 909 1976 iidemque
934 1875 1112 1958 religionis

102 1985 198 2071 pleni
225 1991 355 2061 essent,
383 1991 424 2045 nt
450 1980 550 2043 deum
580 1991 740 2045 cruentas
770 1980 900 2044 hostias
929 1997 1113 2063 exposcere

103 2093 303 2174 fingerent,
336 2083 479 2149 enodem
499 2090 745 2166 sanctimoniae
765 2083 1114 2172 plenumbeatitndi·

103 2198 226 2280 nisque
247 2201 424 2256 auctorem
451 2195 628 2260 iactantes.
676 2193 768 2258 Τιιιιι
787 2191 915 2254 Bacchi
943 2191 1053 2256 cultui
1075 2187 1114 2252 id

104 2299 286 2380 proprium
307 2306 380 2371 est,
415 2293 508 2378 quod
527 2298 564 2356 in
585 2317 653 2360 una
675 2295 859 2377 eademque
881 2296 1031 2360 civitate
1045 2293 1114 2375 ple·

105 2425 250 2486 rumque
293 2405 417 2466 habuit
451 2371 690 2460 acerbissimos
738 2407 810 2459 tam
841 2404 1114 2482 propugnatores

106 2527 212 2594 quam
231 2509 499 2591 impugnatores.
554 2493 711 2590 Denique
732 2523 837 2589 quum
864 2511 899 2565 et
919 2505 956 2564 in
975 2504 1059 2568 Asia
1080 2513 1115 2567 et
1157 2535 1159 2546 ·

105 2617 144 2678 in
158 2617 318 2700 Aegypto
338 2619 467 2688 emant,
488 2627 575 2694 qnae
594 2607 742 2692 Dionysi
759 2610 857 2697 orgia
874 2603 1057 2690 referrent,
1079 2595 1134 2676 et*

106 2719 274 2805 temporis
293 2733 454 2778 successu
467 2715 608 2779 Graecis
628 2716 901 2782 innotescerent:
923 2716 1027 2778 etiam
1048 2713 1116 2796 ali·

108 2843 172 2888 ena
197 2833 273 2887 tum
303 2838 382 2884 vere
417 2821 647 2904 irrepserunt,
684 2829 758 2882 tum
782 2823 897 2900 ocinr,
930 2841 1032 2904 quam
1060 2823 1116 2882 ia·

109 2937 203 2995 olum
223 2945 295 2990 esse
315 2925 513 3008 putandum,
534 2925 758 2989 inGraecianr
778 2926 874 2990 illata
894 2943 966 2988 esse
981 2906 1123 2991 credita

108 3040 202 3098 sunt.
244 3029 339 3090 Hinc
367 3028 532 3110 explicari
562 3038 725 3111 poterunt
746 3013 833 3112 qnae
855 3028 946 3112 apnsl
966 3013 1113 3112 scripto-

109 3158 167 3203 res
187 3135 317 3204 orditi
346 3145 381 3200 et
415 3121 504 3218 apud
533 3137 682 3201 Graecos
715 3136 879 3222 opinions
907 3143 941 3197 et
966 3153 1034 3197 nsn
1059 3155 1115 3199 re·

112 3257 210 3332 cepta
231 3263 305 3308 esse
325 3245 463 3308 scimus
515 3241 675 3304 Attamen
702 3240 801 3304 nobis
835 3237 1044 3326 decertando
1064 3251 1117 3306 ast

113 3355 245 3430 oratio,
265 3359 306 3412 nt
326 3319 369 3412 ad
389 3347 471 3409 Eur
493 3345 594 3408 brevi
621 3345 822 3415 deducatur.
872 3347 947 3410 Nec
974 3338 1021 3412 de
1037 3365 1117 3432 poe·

114 3459 161 3522 tir
182 3452 344 3538 quidem,
364 3452 424 3535 qui
445 3461 524 3515 ante
544 3449 751 3534 Aeschylum
775 3452 921 3518 similent
941 3472 982 3518 ec
1001 3463 1119 3518 noster

115 3559 153 3625 in
190 3557 370 3624 Bacchicia
411 3558 591 3622 materiam
634 3565 830 3625 tractarunt
869 3559 922 3642 (v.
966 3559 1118 3628 Boeckh'.
1172 3543 1174 3552 ¹

116 3665 226 3752 '¹¹¹'ss-
245 3663 383 3728 ΜΝ·
412 3679 446 3744 Ρ·
467 3660 581 3743 ²⁹9²),
609 3661 794 3748 quidquam
823 3663 1007 3731 admonere
1033 3681 1119 3747 opus

123 3778 185 3842 ert.
232 3763 362 3836 Parnm
382 3767 474 3834 enim
497 3768 630 3851 reiert,
655 3770 726 3856 qno
750 3768 854 3838 mado
881 3764 1121 3848 tremulat,
